%YAML 1.1
%TAG !u! tag:unity3d.com,2011:
--- !u!1 &546704145269147527
GameObject:
  m_ObjectHideFlags: 0
  m_CorrespondingSourceObject: {fileID: 0}
  m_PrefabInstance: {fileID: 0}
  m_PrefabAsset: {fileID: 0}
  serializedVersion: 6
  m_Component:
  - component: {fileID: 6644735101466467679}
  m_Layer: 9
  m_Name: GunPos
  m_TagString: Untagged
  m_Icon: {fileID: 0}
  m_NavMeshLayer: 0
  m_StaticEditorFlags: 0
  m_IsActive: 1
--- !u!4 &6644735101466467679
Transform:
  m_ObjectHideFlags: 0
  m_CorrespondingSourceObject: {fileID: 0}
  m_PrefabInstance: {fileID: 0}
  m_PrefabAsset: {fileID: 0}
  m_GameObject: {fileID: 546704145269147527}
  m_LocalRotation: {x: 0, y: 0, z: 0, w: 1}
  m_LocalPosition: {x: 0.85, y: 1.42, z: 0}
  m_LocalScale: {x: 1, y: 1, z: 1}
  m_Children: []
  m_Father: {fileID: 8444285227796147050}
  m_RootOrder: 2
  m_LocalEulerAnglesHint: {x: 0, y: 0, z: 0}
--- !u!1 &4229618988592802789
GameObject:
  m_ObjectHideFlags: 0
  m_CorrespondingSourceObject: {fileID: 0}
  m_PrefabInstance: {fileID: 0}
  m_PrefabAsset: {fileID: 0}
  serializedVersion: 6
  m_Component:
  - component: {fileID: 6325664623459662181}
  - component: {fileID: 1823088781420799006}
  - component: {fileID: 9056928571164657404}
  m_Layer: 9
  m_Name: BlockDestroyTrigger
  m_TagString: Untagged
  m_Icon: {fileID: 0}
  m_NavMeshLayer: 0
  m_StaticEditorFlags: 0
  m_IsActive: 0
--- !u!4 &6325664623459662181
Transform:
  m_ObjectHideFlags: 0
  m_CorrespondingSourceObject: {fileID: 0}
  m_PrefabInstance: {fileID: 0}
  m_PrefabAsset: {fileID: 0}
  m_GameObject: {fileID: 4229618988592802789}
  m_LocalRotation: {x: 0, y: 0, z: 0, w: 1}
  m_LocalPosition: {x: 0, y: 5.05, z: 0}
  m_LocalScale: {x: 3.62, y: 1, z: 1}
  m_Children: []
  m_Father: {fileID: 8444285227796147050}
  m_RootOrder: 1
  m_LocalEulerAnglesHint: {x: 0, y: 0, z: 0}
--- !u!61 &1823088781420799006
BoxCollider2D:
  m_ObjectHideFlags: 0
  m_CorrespondingSourceObject: {fileID: 0}
  m_PrefabInstance: {fileID: 0}
  m_PrefabAsset: {fileID: 0}
  m_GameObject: {fileID: 4229618988592802789}
  m_Enabled: 1
  m_Density: 1
  m_Material: {fileID: 0}
  m_IsTrigger: 1
  m_UsedByEffector: 0
  m_UsedByComposite: 0
  m_Offset: {x: 0, y: 0}
  m_SpriteTilingProperty:
    border: {x: 0, y: 0, z: 0, w: 0}
    pivot: {x: 0, y: 0}
    oldSize: {x: 0, y: 0}
    newSize: {x: 0, y: 0}
    adaptiveTilingThreshold: 0
    drawMode: 0
    adaptiveTiling: 0
  m_AutoTiling: 0
  serializedVersion: 2
  m_Size: {x: 0.94, y: 1}
  m_EdgeRadius: 0
--- !u!114 &9056928571164657404
MonoBehaviour:
  m_ObjectHideFlags: 0
  m_CorrespondingSourceObject: {fileID: 0}
  m_PrefabInstance: {fileID: 0}
  m_PrefabAsset: {fileID: 0}
  m_GameObject: {fileID: 4229618988592802789}
  m_Enabled: 1
  m_EditorHideFlags: 0
  m_Script: {fileID: 11500000, guid: 33b6f86e0d4cdc74eb4fcf420199bd9f, type: 3}
  m_Name: 
  m_EditorClassIdentifier: 
  TargetLayerMask:
    serializedVersion: 2
    m_Bits: 256
  DamageCaused: 10
  DamageCausedKnockbackType: 1
  DamageCausedKnockbackDirection: 0
  DamageCausedKnockbackForce: {x: 10, y: 2}
  InvincibilityDuration: 0.5
  DamageTakenEveryTime: 0
  DamageTakenDamageable: 0
  DamageTakenNonDamageable: 0
  DamageTakenKnockbackType: 0
  DamageTakenKnockbackDirection: 0
  DamageTakenKnockbackForce: {x: 0, y: 0}
  DamageTakenInvincibilityDuration: 0.5
  HitDamageableFeedback: {fileID: 0}
  HitNonDamageableFeedback: {fileID: 0}
  FreezeFramesOnHitDuration: 0
  Owner: {fileID: 0}
--- !u!1 &7289046739195312507
GameObject:
  m_ObjectHideFlags: 0
  m_CorrespondingSourceObject: {fileID: 0}
  m_PrefabInstance: {fileID: 0}
  m_PrefabAsset: {fileID: 0}
  serializedVersion: 6
  m_Component:
  - component: {fileID: 7682247144267991582}
  - component: {fileID: 1444725688039833280}
  - component: {fileID: 6158297244662530237}
  - component: {fileID: 8300057469725385552}
  - component: {fileID: 2199060037717122016}
  m_Layer: 0
  m_Name: Spine Mecanim GameObject (Main Character)
  m_TagString: Untagged
  m_Icon: {fileID: 0}
  m_NavMeshLayer: 0
  m_StaticEditorFlags: 0
  m_IsActive: 1
--- !u!4 &7682247144267991582
Transform:
  m_ObjectHideFlags: 0
  m_CorrespondingSourceObject: {fileID: 0}
  m_PrefabInstance: {fileID: 0}
  m_PrefabAsset: {fileID: 0}
  m_GameObject: {fileID: 7289046739195312507}
  m_LocalRotation: {x: -0, y: -0, z: -0, w: 1}
  m_LocalPosition: {x: 0, y: 0, z: 0}
  m_LocalScale: {x: 1, y: 1, z: 1}
  m_Children: []
  m_Father: {fileID: 8444285227796147050}
  m_RootOrder: 0
  m_LocalEulerAnglesHint: {x: 0, y: 0, z: 0}
--- !u!33 &1444725688039833280
MeshFilter:
  m_ObjectHideFlags: 0
  m_CorrespondingSourceObject: {fileID: 0}
  m_PrefabInstance: {fileID: 0}
  m_PrefabAsset: {fileID: 0}
  m_GameObject: {fileID: 7289046739195312507}
  m_Mesh: {fileID: 0}
--- !u!23 &6158297244662530237
MeshRenderer:
  m_ObjectHideFlags: 0
  m_CorrespondingSourceObject: {fileID: 0}
  m_PrefabInstance: {fileID: 0}
  m_PrefabAsset: {fileID: 0}
  m_GameObject: {fileID: 7289046739195312507}
  m_Enabled: 1
  m_CastShadows: 1
  m_ReceiveShadows: 1
  m_DynamicOccludee: 1
  m_MotionVectors: 1
  m_LightProbeUsage: 1
  m_ReflectionProbeUsage: 1
  m_RayTracingMode: 2
  m_RenderingLayerMask: 1
  m_RendererPriority: 0
  m_Materials:
  - {fileID: 2100000, guid: d726e4fe1922bdc458b5eb345e04d853, type: 2}
  m_StaticBatchInfo:
    firstSubMesh: 0
    subMeshCount: 0
  m_StaticBatchRoot: {fileID: 0}
  m_ProbeAnchor: {fileID: 0}
  m_LightProbeVolumeOverride: {fileID: 0}
  m_ScaleInLightmap: 1
  m_ReceiveGI: 1
  m_PreserveUVs: 0
  m_IgnoreNormalsForChartDetection: 0
  m_ImportantGI: 0
  m_StitchLightmapSeams: 1
  m_SelectedEditorRenderState: 3
  m_MinimumChartSize: 4
  m_AutoUVMaxDistance: 0.5
  m_AutoUVMaxAngle: 89
  m_LightmapParameters: {fileID: 0}
  m_SortingLayerID: 0
  m_SortingLayer: 0
  m_SortingOrder: 0
--- !u!95 &8300057469725385552
Animator:
  serializedVersion: 3
  m_ObjectHideFlags: 0
  m_CorrespondingSourceObject: {fileID: 0}
  m_PrefabInstance: {fileID: 0}
  m_PrefabAsset: {fileID: 0}
  m_GameObject: {fileID: 7289046739195312507}
  m_Enabled: 1
  m_Avatar: {fileID: 0}
  m_Controller: {fileID: 9100000, guid: 9dc2ef24a226a664f9f080ec0baa593b, type: 2}
  m_CullingMode: 0
  m_UpdateMode: 0
  m_ApplyRootMotion: 0
  m_LinearVelocityBlending: 0
  m_WarningMessage: 
  m_HasTransformHierarchy: 1
  m_AllowConstantClipSamplingOptimization: 1
  m_KeepAnimatorControllerStateOnDisable: 0
--- !u!114 &2199060037717122016
MonoBehaviour:
  m_ObjectHideFlags: 0
  m_CorrespondingSourceObject: {fileID: 0}
  m_PrefabInstance: {fileID: 0}
  m_PrefabAsset: {fileID: 0}
  m_GameObject: {fileID: 7289046739195312507}
  m_Enabled: 1
  m_EditorHideFlags: 0
  m_Script: {fileID: 11500000, guid: f9db98c60740638449864eb028fbe7ad, type: 3}
  m_Name: 
  m_EditorClassIdentifier: 
  skeletonDataAsset: {fileID: 11400000, guid: f2a293f0377741546810b21919628281, type: 2}
  initialSkinName: 
  initialFlipX: 1
  initialFlipY: 0
  updateWhenInvisible: 3
  separatorSlotNames: []
  zSpacing: 0
  useClipping: 1
  immutableTriangles: 0
  pmaVertexColors: 1
  clearStateOnDisable: 0
  tintBlack: 0
  singleSubmesh: 0
  fixDrawOrder: 0
  addNormals: 0
  calculateTangents: 0
  maskInteraction: 0
  maskMaterials:
    materialsMaskDisabled: []
    materialsInsideMask: []
    materialsOutsideMask: []
  disableRenderingOnOverride: 1
  translator:
    autoReset: 1
    useCustomMixMode: 1
    layerMixModes: 01000000
    layerBlendModes: 01000000
--- !u!1 &8444285227796147063
GameObject:
  m_ObjectHideFlags: 0
  m_CorrespondingSourceObject: {fileID: 0}
  m_PrefabInstance: {fileID: 0}
  m_PrefabAsset: {fileID: 0}
  serializedVersion: 6
  m_Component:
  - component: {fileID: 8444285227796147050}
  - component: {fileID: 8444285227796147043}
  - component: {fileID: 8444285227796147052}
  - component: {fileID: 8444285227796147053}
  - component: {fileID: 8444285227796147054}
  - component: {fileID: 8444285227796147048}
  - component: {fileID: 8444285227796147049}
  - component: {fileID: -5848204542863104079}
  - component: {fileID: 5173293134879062352}
  - component: {fileID: 6090228271432617281}
  - component: {fileID: 8297943644621471912}
  - component: {fileID: 3039277130879862496}
  m_Layer: 9
  m_Name: Main Character
  m_TagString: Player
  m_Icon: {fileID: 0}
  m_NavMeshLayer: 0
  m_StaticEditorFlags: 0
  m_IsActive: 1
--- !u!4 &8444285227796147050
Transform:
  m_ObjectHideFlags: 0
  m_CorrespondingSourceObject: {fileID: 0}
  m_PrefabInstance: {fileID: 0}
  m_PrefabAsset: {fileID: 0}
  m_GameObject: {fileID: 8444285227796147063}
  m_LocalRotation: {x: 0, y: 0, z: 0, w: 1}
  m_LocalPosition: {x: -28.48, y: -3.72, z: 0}
  m_LocalScale: {x: 0.35, y: 0.35, z: 1}
  m_Children:
  - {fileID: 7682247144267991582}
  - {fileID: 6325664623459662181}
  - {fileID: 6644735101466467679}
  m_Father: {fileID: 0}
  m_RootOrder: 0
  m_LocalEulerAnglesHint: {x: 0, y: 0, z: 0}
--- !u!61 &8444285227796147043
BoxCollider2D:
  m_ObjectHideFlags: 0
  m_CorrespondingSourceObject: {fileID: 0}
  m_PrefabInstance: {fileID: 0}
  m_PrefabAsset: {fileID: 0}
  m_GameObject: {fileID: 8444285227796147063}
  m_Enabled: 1
  m_Density: 1
  m_Material: {fileID: 0}
  m_IsTrigger: 1
  m_UsedByEffector: 0
  m_UsedByComposite: 0
  m_Offset: {x: 0, y: 2.57}
  m_SpriteTilingProperty:
    border: {x: 0, y: 0, z: 0, w: 0}
    pivot: {x: 0, y: 0}
    oldSize: {x: 0, y: 0}
    newSize: {x: 0, y: 0}
    adaptiveTilingThreshold: 0
    drawMode: 0
    adaptiveTiling: 0
  m_AutoTiling: 0
  serializedVersion: 2
  m_Size: {x: 3.83, y: 5.4}
  m_EdgeRadius: 0
--- !u!50 &8444285227796147052
Rigidbody2D:
  serializedVersion: 4
  m_ObjectHideFlags: 0
  m_CorrespondingSourceObject: {fileID: 0}
  m_PrefabInstance: {fileID: 0}
  m_PrefabAsset: {fileID: 0}
  m_GameObject: {fileID: 8444285227796147063}
  m_BodyType: 1
  m_Simulated: 1
  m_UseFullKinematicContacts: 0
  m_UseAutoMass: 0
  m_Mass: 1
  m_LinearDrag: 0
  m_AngularDrag: 0.05
  m_GravityScale: 1
  m_Material: {fileID: 0}
  m_Interpolate: 0
  m_SleepingMode: 0
  m_CollisionDetection: 0
  m_Constraints: 0
--- !u!114 &8444285227796147053
MonoBehaviour:
  m_ObjectHideFlags: 0
  m_CorrespondingSourceObject: {fileID: 0}
  m_PrefabInstance: {fileID: 0}
  m_PrefabAsset: {fileID: 0}
  m_GameObject: {fileID: 8444285227796147063}
  m_Enabled: 1
  m_EditorHideFlags: 0
  m_Script: {fileID: 11500000, guid: 8b470d1b161b2454590386135b7fd64f, type: 3}
  m_Name: 
  m_EditorClassIdentifier: 
  CharacterType: 0
  PlayerID: Player1
  InitialFacingDirection: 1
  DirectionOnSpawn: 0
  CharacterAnimator: {fileID: 8300057469725385552}
  UseDefaultMecanim: 1
  CharacterModel: {fileID: 7289046739195312507}
  CameraTarget: {fileID: 0}
  CameraTargetSpeed: 5
  AdditionalAbilityNodes: []
  FlipModelOnDirectionChange: 1
  ModelFlipValue: {x: -1, y: 1, z: 1}
  RotateModelOnDirectionChange: 0
  ModelRotationValue: {x: 0, y: 180, z: 0}
  ModelRotationSpeed: 0
  SendStateChangeEvents: 1
  SendStateUpdateEvents: 1
  AirborneDistance: 0.5
  CharacterBrain: {fileID: 0}
--- !u!114 &8444285227796147054
MonoBehaviour:
  m_ObjectHideFlags: 0
  m_CorrespondingSourceObject: {fileID: 0}
  m_PrefabInstance: {fileID: 0}
  m_PrefabAsset: {fileID: 0}
  m_GameObject: {fileID: 8444285227796147063}
  m_Enabled: 1
  m_EditorHideFlags: 0
  m_Script: {fileID: 11500000, guid: 26d2b97c2edb15b4687c405cac22ec21, type: 3}
  m_Name: 
  m_EditorClassIdentifier: 
  DefaultParameters:
    Gravity: -60
    FallMultiplier: 1.5
    AscentMultiplier: 1
    MaxVelocity: {x: 100, y: 100}
    SpeedAccelerationOnGround: 40
    UseSeparateDecelerationOnGround: 0
    SpeedDecelerationOnGround: 20
    SpeedAccelerationInAir: 20
    UseSeparateDecelerationInAir: 0
    SpeedDecelerationInAir: 5
    SpeedFactor: 1
    MaximumSlopeAngle: 45
    SlopeAngleSpeedFactor:
      serializedVersion: 2
      m_Curve:
      - serializedVersion: 3
        time: -90
        value: 1
        inSlope: 0
        outSlope: 0
        tangentMode: 0
        weightedMode: 0
        inWeight: 0.33333334
        outWeight: 0.33333334
      - serializedVersion: 3
        time: 0
        value: 1
        inSlope: 0
        outSlope: 0
        tangentMode: 0
        weightedMode: 0
        inWeight: 0.33333334
        outWeight: 0.33333334
      - serializedVersion: 3
        time: 90
        value: 1
        inSlope: 0
        outSlope: 0
        tangentMode: 0
        weightedMode: 0
        inWeight: 0.33333334
        outWeight: 0.33333334
      m_PreInfinity: 2
      m_PostInfinity: 2
      m_RotationOrder: 4
    Physics2DInteraction: 0
    Physics2DPushForce: 2
    DrawRaycastsGizmos: 1
    DisplayWarnings: 1
  PlatformMask:
    serializedVersion: 2
    m_Bits: 34867456
  MovingPlatformMask:
    serializedVersion: 2
    m_Bits: 262144
  OneWayPlatformMask:
    serializedVersion: 2
    m_Bits: 2048
  MovingOneWayPlatformMask:
    serializedVersion: 2
    m_Bits: 1048576
  MidHeightOneWayPlatformMask:
    serializedVersion: 2
    m_Bits: 67108864
  StairsMask:
    serializedVersion: 2
    m_Bits: 268435456
  DetachmentMethod: 0
  SafeSetTransform: 0
  StandingOn: {fileID: 0}
  UpdateMode: 0
  NumberOfHorizontalRays: 8
  NumberOfVerticalRays: 8
  RayOffset: 0.05
  CrouchedRaycastLengthMultiplier: 1
  CastRaysOnBothSides: 1
  DistanceToTheGroundRayMaximumLength: 100
  PerformSafetyBoxcast: 0
  StickToSlopes: 0
  StickyRaycastLength: 0
  StickToSlopesOffsetY: 0.2
  AutomaticGravitySettings: 1
--- !u!114 &8444285227796147048
MonoBehaviour:
  m_ObjectHideFlags: 0
  m_CorrespondingSourceObject: {fileID: 0}
  m_PrefabInstance: {fileID: 0}
  m_PrefabAsset: {fileID: 0}
  m_GameObject: {fileID: 8444285227796147063}
  m_Enabled: 1
  m_EditorHideFlags: 0
  m_Script: {fileID: 11500000, guid: 4e24d0eb5fa7640038713564930581a9, type: 3}
  m_Name: 
  m_EditorClassIdentifier: 
  AbilityStartFeedbacks: {fileID: 0}
  AbilityStopFeedbacks: {fileID: 0}
  AbilityPermitted: 1
  BlockingMovementStates: 
  BlockingConditionStates: 
  WalkSpeed: 10
  MovementSpeedMultiplier: 1
  PushSpeedMultiplier: 1
  StateSpeedMultiplier: 1
  FlipCharacterToFaceDirection: 1
  ReadInput: 1
  InstantAcceleration: 0
  InputThreshold: 0.1
  AirControl: 1
  AllowFlipInTheAir: 1
  ActiveAfterDeath: 0
  TouchTheGroundFeedback: {fileID: 0}
  MinimumAirTimeBeforeFeedback: 0.2
  StopWalkingWhenCollidingWithAWall: 1
--- !u!114 &8444285227796147049
MonoBehaviour:
  m_ObjectHideFlags: 0
  m_CorrespondingSourceObject: {fileID: 0}
  m_PrefabInstance: {fileID: 0}
  m_PrefabAsset: {fileID: 0}
  m_GameObject: {fileID: 8444285227796147063}
  m_Enabled: 1
  m_EditorHideFlags: 0
  m_Script: {fileID: 11500000, guid: f1c1a8bab4d234998bcbc559bb58fa11, type: 3}
  m_Name: 
  m_EditorClassIdentifier: 
  AbilityStartFeedbacks: {fileID: 0}
  AbilityStopFeedbacks: {fileID: 0}
  AbilityPermitted: 1
  BlockingMovementStates: 
  BlockingConditionStates: 
  NumberOfJumps: 1
  JumpHeight: 10
  JumpRestrictions: 2
  CoyoteTime: 0
  ResetCameraOffsetOnJump: 0
  CanJumpDownOneWayPlatforms: 1
  JumpIsProportionalToThePressTime: 1
  JumpMinimumAirTime: 0.1
  JumpReleaseForceFactor: 2
  OneWayPlatformsJumpCollisionOffDuration: 0.3
  MovingPlatformsJumpCollisionOffDuration: 0.05
  AirJumpFeedbacks: {fileID: 0}
  NumberOfJumpsLeft: 0
--- !u!114 &-5848204542863104079
MonoBehaviour:
  m_ObjectHideFlags: 0
  m_CorrespondingSourceObject: {fileID: 0}
  m_PrefabInstance: {fileID: 0}
  m_PrefabAsset: {fileID: 0}
  m_GameObject: {fileID: 8444285227796147063}
  m_Enabled: 1
  m_EditorHideFlags: 0
  m_Script: {fileID: 11500000, guid: e514a2b7cbba3c94fadd9e100df51189, type: 3}
  m_Name: 
  m_EditorClassIdentifier: 
  Top: 0
  Bottom: 2
  Left: 1
  Right: 1
--- !u!114 &5173293134879062352
MonoBehaviour:
  m_ObjectHideFlags: 0
  m_CorrespondingSourceObject: {fileID: 0}
  m_PrefabInstance: {fileID: 0}
  m_PrefabAsset: {fileID: 0}
  m_GameObject: {fileID: 8444285227796147063}
  m_Enabled: 1
  m_EditorHideFlags: 0
  m_Script: {fileID: 11500000, guid: a99d20994733989408d3700750a41df2, type: 3}
  m_Name: 
  m_EditorClassIdentifier: 
  AbilityStartFeedbacks: {fileID: 0}
  AbilityStopFeedbacks: {fileID: 0}
  AbilityPermitted: 1
  BlockingMovementStates: 
  BlockingConditionStates: 
  MainInventoryName: MarioInventory
  WeaponInventoryName: 
  HotbarInventoryName: 
  AutoEquipWeaponOnCharacterSwitch: 0
  WeaponRotationMode: 0
  CharacterHandleWeapon: {fileID: 0}
  AutoAddItemsMainInventory: []
  AutoAddItemsHotbar: []
  AutoEquipWeapon: {fileID: 0}
--- !u!114 &6090228271432617281
MonoBehaviour:
  m_ObjectHideFlags: 0
  m_CorrespondingSourceObject: {fileID: 0}
  m_PrefabInstance: {fileID: 0}
  m_PrefabAsset: {fileID: 0}
  m_GameObject: {fileID: 8444285227796147063}
  m_Enabled: 1
  m_EditorHideFlags: 0
  m_Script: {fileID: 11500000, guid: 6a07c6668aa55403790d27b575279549, type: 3}
  m_Name: 
  m_EditorClassIdentifier: 
  AbilityStartFeedbacks: {fileID: 0}
  AbilityStopFeedbacks: {fileID: 0}
  AbilityPermitted: 1
  BlockingMovementStates: 
  BlockingConditionStates: 
  InitialWeapon: {fileID: -6020307166290679325, guid: 79411475c0f116d469c945e2ab66efe4,
    type: 3}
  CanPickupWeapons: 0
  WeaponAttachment: {fileID: 6644735101466467679}
  ForceWeaponScaleResetOnEquip: 1
  AutomaticallyBindAnimator: 1
  AmmoDisplayID: 0
  ContinuousPress: 0
  GettingHitInterruptsAttack: 0
  CanShootFromLadders: 0
  FaceWeaponDirection: 0
  InvertHorizontalAimWhenWallclinging: 0
  BufferInput: 0
  NewInputExtendsBuffer: 0
  MaximumBufferDuration: 0.25
  CurrentWeapon: {fileID: 0}
--- !u!114 &8297943644621471912
MonoBehaviour:
  m_ObjectHideFlags: 0
  m_CorrespondingSourceObject: {fileID: 0}
  m_PrefabInstance: {fileID: 0}
  m_PrefabAsset: {fileID: 0}
  m_GameObject: {fileID: 8444285227796147063}
  m_Enabled: 1
  m_EditorHideFlags: 0
  m_Script: {fileID: 11500000, guid: dd6b796cb1f234a509924fea7e79389a, type: 3}
  m_Name: 
  m_EditorClassIdentifier: 
  CurrentHealth: 0
  TemporaryInvulnerable: 0
  InitialHealth: 10
  MaximumHealth: 10
  Invulnerable: 0
  DamageFeedbacks: {fileID: 0}
  FlickerSpriteOnHit: 1
  FlickerColor: {r: 1, g: 0.078431375, b: 0.078431375, a: 1}
  ImmuneToKnockback: 0
  DeathFeedbacks: {fileID: 0}
  DestroyOnDeath: 1
  DelayBeforeDestruction: 0
  CollisionsOffOnDeath: 1
  GravityOffOnDeath: 0
  PointsWhenDestroyed: 0
  VibrateOnDeath: 0
  RespawnAtInitialLocation: 0
  ApplyDeathForce: 1
  DeathForce: {x: 0, y: 10}
  ResetForcesOnDeath: 0
  headAttack: {fileID: 4229618988592802789}
--- !u!114 &3039277130879862496
MonoBehaviour:
  m_ObjectHideFlags: 0
  m_CorrespondingSourceObject: {fileID: 0}
  m_PrefabInstance: {fileID: 0}
  m_PrefabAsset: {fileID: 0}
  m_GameObject: {fileID: 8444285227796147063}
  m_Enabled: 1
  m_EditorHideFlags: 0
  m_Script: {fileID: 11500000, guid: f59e06702d6be45948936bd909420d61, type: 3}
  m_Name: 
  m_EditorClassIdentifier: 
  AbilityStartFeedbacks: {fileID: 0}
  AbilityStopFeedbacks: {fileID: 0}
  AbilityPermitted: 1
  BlockingMovementStates: 
  BlockingConditionStates: 
